@misc{bert2018,
      title={BERT: Pre-training of Deep Bidirectional Transformers for Language Understanding}, 
      author={Jacob Devlin and Ming-Wei Chang and Kenton Lee and Kristina Toutanova},
      year={2019},
      eprint={1810.04805},
      archivePrefix={arXiv},
      primaryClass={cs.CL},
      url={https://arxiv.org/abs/1810.04805}, 
}

@misc{gpt32020,
      title={Language Models are Few-Shot Learners}, 
      author={Tom B. Brown and Benjamin Mann and Nick Ryder and Melanie Subbiah and Jared Kaplan and Prafulla Dhariwal and Arvind Neelakantan and Pranav Shyam and Girish Sastry and Amanda Askell and Sandhini Agarwal and Ariel Herbert-Voss and Gretchen Krueger and Tom Henighan and Rewon Child and Aditya Ramesh and Daniel M. Ziegler and Jeffrey Wu and Clemens Winter and Christopher Hesse and Mark Chen and Eric Sigler and Mateusz Litwin and Scott Gray and Benjamin Chess and Jack Clark and Christopher Berner and Sam McCandlish and Alec Radford and Ilya Sutskever and Dario Amodei},
      year={2020},
      eprint={2005.14165},
      archivePrefix={arXiv},
      primaryClass={cs.CL},
      url={https://arxiv.org/abs/2005.14165}, 
}

@misc{codebert2020,
      title={CodeBERT: A Pre-Trained Model for Programming and Natural Languages}, 
      author={Zhangyin Feng and Daya Guo and Duyu Tang and Nan Duan and Xiaocheng Feng and Ming Gong and Linjun Shou and Bing Qin and Ting Liu and Daxin Jiang and Ming Zhou},
      year={2020},
      eprint={2002.08155},
      archivePrefix={arXiv},
      primaryClass={cs.CL},
      url={https://arxiv.org/abs/2002.08155}, 
}

@misc{t52019,
      title={Exploring the Limits of Transfer Learning with a Unified Text-to-Text Transformer}, 
      author={Colin Raffel and Noam Shazeer and Adam Roberts and Katherine Lee and Sharan Narang and Michael Matena and Yanqi Zhou and Wei Li and Peter J. Liu},
      year={2023},
      eprint={1910.10683},
      archivePrefix={arXiv},
      primaryClass={cs.LG},
      url={https://arxiv.org/abs/1910.10683}, 
}

@misc{abstree2023,
      title={Abstract Syntax Tree for Programming Language Understanding and Representation: How Far Are We?}, 
      author={Weisong Sun and Chunrong Fang and Yun Miao and Yudu You and Mengzhe Yuan and Yuchen Chen and Quanjun Zhang and An Guo and Xiang Chen and Yang Liu and Zhenyu Chen},
      year={2023},
      eprint={2312.00413},
      archivePrefix={arXiv},
      primaryClass={cs.SE},
      url={https://arxiv.org/abs/2312.00413}, 
}

@misc{lachaux2020,
      title={Unsupervised Translation of Programming Languages}, 
      author={Marie-Anne Lachaux and Baptiste Roziere and Lowik Chanussot and Guillaume Lample},
      year={2020},
      eprint={2006.03511},
      archivePrefix={arXiv},
      primaryClass={cs.CL},
      url={https://arxiv.org/abs/2006.03511}, 
}

@misc{katz2019,
      title={Towards Neural Decompilation}, 
      author={Omer Katz and Yuval Olshaker and Yoav Goldberg and Eran Yahav},
      year={2019},
      eprint={1905.08325},
      archivePrefix={arXiv},
      primaryClass={cs.PL},
      url={https://arxiv.org/abs/1905.08325}, 
}

@misc{tai2015,
      title={Improved Semantic Representations From Tree-Structured Long Short-Term Memory Networks}, 
      author={Kai Sheng Tai and Richard Socher and Christopher D. Manning},
      year={2015},
      eprint={1503.00075},
      archivePrefix={arXiv},
      primaryClass={cs.CL},
      url={https://arxiv.org/abs/1503.00075}, 
}

@misc{nmt2019,
      title={Neural Machine Translation: A Review and Survey}, 
      author={Felix Stahlberg},
      year={2020},
      eprint={1912.02047},
      archivePrefix={arXiv},
      primaryClass={cs.CL},
      url={https://arxiv.org/abs/1912.02047}, 
}

@misc{chen2018,
      title={Tree-to-tree Neural Networks for Program Translation}, 
      author={Xinyun Chen and Chang Liu and Dawn Song},
      year={2018},
      eprint={1802.03691},
      archivePrefix={arXiv},
      primaryClass={cs.AI},
      url={https://arxiv.org/abs/1802.03691}, 
}

@misc{codet52021,
      title={CodeT5: Identifier-aware Unified Pre-trained Encoder-Decoder Models for Code Understanding and Generation}, 
      author={Yue Wang and Weishi Wang and Shafiq Joty and Steven C. H. Hoi},
      year={2021},
      eprint={2109.00859},
      archivePrefix={arXiv},
      primaryClass={cs.CL},
      url={https://arxiv.org/abs/2109.00859}, 
}

@misc{xlnet2019,
      title={XLNet: Generalized Autoregressive Pretraining for Language Understanding}, 
      author={Zhilin Yang and Zihang Dai and Yiming Yang and Jaime Carbonell and Ruslan Salakhutdinov and Quoc V. Le},
      year={2020},
      eprint={1906.08237},
      archivePrefix={arXiv},
      primaryClass={cs.CL},
      url={https://arxiv.org/abs/1906.08237}, 
}

@misc{drissi2018,
      title={Program Language Translation Using a Grammar-Driven Tree-to-Tree Model}, 
      author={Mehdi Drissi and Olivia Watkins and Aditya Khant and Vivaswat Ojha and Pedro Sandoval and Rakia Segev and Eric Weiner and Robert Keller},
      year={2018},
      eprint={1807.01784},
      archivePrefix={arXiv},
      primaryClass={cs.LG},
      url={https://arxiv.org/abs/1807.01784}, 
}

@misc{tufano2018,
      title={An Empirical Study on Learning Bug-Fixing Patches in the Wild via Neural Machine Translation}, 
      author={Michele Tufano and Cody Watson and Gabriele Bavota and Massimiliano Di Penta and Martin White and Denys Poshyvanyk},
      year={2019},
      eprint={1812.08693},
      archivePrefix={arXiv},
      primaryClass={cs.SE},
      url={https://arxiv.org/abs/1812.08693}, 
}

@misc{xiyu2024,
      title={Transformers are Efficient Compilers, Provably}, 
      author={Xiyu Zhai and Runlong Zhou and Liao Zhang and Simon Shaolei Du},
      year={2024},
      eprint={2410.14706},
      archivePrefix={arXiv},
      primaryClass={cs.PL},
      url={https://arxiv.org/abs/2410.14706}, 
}

@misc{pan2023,
      title={SteloCoder: a Decoder-Only LLM for Multi-Language to Python Code Translation}, 
      author={Jialing Pan and Adrien Sadé and Jin Kim and Eric Soriano and Guillem Sole and Sylvain Flamant},
      year={2023},
      eprint={2310.15539},
      archivePrefix={arXiv},
      primaryClass={cs.CL},
      url={https://arxiv.org/abs/2310.15539}, 
}

@misc{xlcost2022,
      title={XLCoST: A Benchmark Dataset for Cross-lingual Code Intelligence}, 
      author={Ming Zhu and Aneesh Jain and Karthik Suresh and Roshan Ravindran and Sindhu Tipirneni and Chandan K. Reddy},
      year={2022},
      eprint={2206.08474},
      archivePrefix={arXiv},
      primaryClass={cs.SE},
      url={https://arxiv.org/abs/2206.08474}, 
}

@misc{gemini2023,
      title={Gemini: A Family of Highly Capable Multimodal Models}, 
      author={Gemini Team and Rohan Anil and Sebastian Borgeaud and Jean-Baptiste Alayrac and Jiahui Yu and Radu Soricut and Johan Schalkwyk and Andrew M. Dai and Anja Hauth and Katie Millican and David Silver and Melvin Johnson and Ioannis Antonoglou and Julian Schrittwieser and Amelia Glaese and Jilin Chen and Emily Pitler and Timothy Lillicrap and Angeliki Lazaridou and Orhan Firat and James Molloy and Michael Isard and Paul R. Barham and Tom Hennigan and Benjamin Lee and Fabio Viola and Malcolm Reynolds and Yuanzhong Xu and Ryan Doherty and Eli Collins and Clemens Meyer and Eliza Rutherford and Erica Moreira and Kareem Ayoub and Megha Goel and Jack Krawczyk and Cosmo Du and Ed Chi and Heng-Tze Cheng and Eric Ni and Purvi Shah and Patrick Kane and Betty Chan and Manaal Faruqui and Aliaksei Severyn and Hanzhao Lin and YaGuang Li and Yong Cheng and Abe Ittycheriah and Mahdis Mahdieh and Mia Chen and Pei Sun and Dustin Tran and Sumit Bagri and Balaji Lakshminarayanan and Jeremiah Liu and Andras Orban and Fabian Güra and Hao Zhou and Xinying Song and Aurelien Boffy and Harish Ganapathy and Steven Zheng and HyunJeong Choe and Ágoston Weisz and Tao Zhu and Yifeng Lu and Siddharth Gopal and Jarrod Kahn and Maciej Kula and Jeff Pitman and Rushin Shah and Emanuel Taropa and Majd Al Merey and Martin Baeuml and Zhifeng Chen and Laurent El Shafey and Yujing Zhang and Olcan Sercinoglu and George Tucker and Enrique Piqueras and Maxim Krikun and Iain Barr and Nikolay Savinov and Ivo Danihelka and Becca Roelofs and Anaïs White and Anders Andreassen and Tamara von Glehn and Lakshman Yagati and Mehran Kazemi and Lucas Gonzalez and Misha Khalman and Jakub Sygnowski and Alexandre Frechette and Charlotte Smith and Laura Culp and Lev Proleev and Yi Luan and Xi Chen and James Lottes and Nathan Schucher and Federico Lebron and Alban Rrustemi and Natalie Clay and Phil Crone and Tomas Kocisky and Jeffrey Zhao and Bartek Perz and Dian Yu and Heidi Howard and Adam Bloniarz and Jack W. Rae and Han Lu and Laurent Sifre and Marcello Maggioni and Fred Alcober and Dan Garrette and Megan Barnes and Shantanu Thakoor and Jacob Austin and Gabriel Barth-Maron and William Wong and Rishabh Joshi and Rahma Chaabouni and Deeni Fatiha and Arun Ahuja and Gaurav Singh Tomar and Evan Senter and Martin Chadwick and Ilya Kornakov and Nithya Attaluri and Iñaki Iturrate and Ruibo Liu and Yunxuan Li and Sarah Cogan and Jeremy Chen and Chao Jia and Chenjie Gu and Qiao Zhang and Jordan Grimstad and Ale Jakse Hartman and Xavier Garcia and Thanumalayan Sankaranarayana Pillai and Jacob Devlin and Michael Laskin and Diego de Las Casas and Dasha Valter and Connie Tao and Lorenzo Blanco and Adrià Puigdomènech Badia and David Reitter and Mianna Chen and Jenny Brennan and Clara Rivera and Sergey Brin and Shariq Iqbal and Gabriela Surita and Jane Labanowski and Abhi Rao and Stephanie Winkler and Emilio Parisotto and Yiming Gu and Kate Olszewska and Ravi Addanki and Antoine Miech and Annie Louis and Denis Teplyashin and Geoff Brown and Elliot Catt and Jan Balaguer and Jackie Xiang and Pidong Wang and Zoe Ashwood and Anton Briukhov and Albert Webson and Sanjay Ganapathy and Smit Sanghavi and Ajay Kannan and Ming-Wei Chang and Axel Stjerngren and Josip Djolonga and Yuting Sun and Ankur Bapna and Matthew Aitchison and Pedram Pejman and Henryk Michalewski and Tianhe Yu and Cindy Wang and Juliette Love and Junwhan Ahn and Dawn Bloxwich and Kehang Han and Peter Humphreys and Thibault Sellam and James Bradbury and Varun Godbole and Sina Samangooei and Bogdan Damoc and Alex Kaskasoli and Sébastien M. R. Arnold and Vijay Vasudevan and Shubham Agrawal and Jason Riesa and Dmitry Lepikhin and Richard Tanburn and Srivatsan Srinivasan and Hyeontaek Lim and Sarah Hodkinson and Pranav Shyam and Johan Ferret and Steven Hand and Ankush Garg and Tom Le Paine and Jian Li and Yujia Li and Minh Giang and Alexander Neitz and Zaheer Abbas and Sarah York and Machel Reid and Elizabeth Cole and Aakanksha Chowdhery and Dipanjan Das and Dominika Rogozińska and Vitaliy Nikolaev and Pablo Sprechmann and Zachary Nado and Lukas Zilka and Flavien Prost and Luheng He and Marianne Monteiro and Gaurav Mishra and Chris Welty and Josh Newlan and Dawei Jia and Miltiadis Allamanis and Clara Huiyi Hu and Raoul de Liedekerke and Justin Gilmer and Carl Saroufim and Shruti Rijhwani and Shaobo Hou and Disha Shrivastava and Anirudh Baddepudi and Alex Goldin and Adnan Ozturel and Albin Cassirer and Yunhan Xu and Daniel Sohn and Devendra Sachan and Reinald Kim Amplayo and Craig Swanson and Dessie Petrova and Shashi Narayan and Arthur Guez and Siddhartha Brahma and Jessica Landon and Miteyan Patel and Ruizhe Zhao and Kevin Villela and Luyu Wang and Wenhao Jia and Matthew Rahtz and Mai Giménez and Legg Yeung and James Keeling and Petko Georgiev and Diana Mincu and Boxi Wu and Salem Haykal and Rachel Saputro and Kiran Vodrahalli and James Qin and Zeynep Cankara and Abhanshu Sharma and Nick Fernando and Will Hawkins and Behnam Neyshabur and Solomon Kim and Adrian Hutter and Priyanka Agrawal and Alex Castro-Ros and George van den Driessche and Tao Wang and Fan Yang and Shuo-yiin Chang and Paul Komarek and Ross McIlroy and Mario Lučić and Guodong Zhang and Wael Farhan and Michael Sharman and Paul Natsev and Paul Michel and Yamini Bansal and Siyuan Qiao and Kris Cao and Siamak Shakeri and Christina Butterfield and Justin Chung and Paul Kishan Rubenstein and Shivani Agrawal and Arthur Mensch and Kedar Soparkar and Karel Lenc and Timothy Chung and Aedan Pope and Loren Maggiore and Jackie Kay and Priya Jhakra and Shibo Wang and Joshua Maynez and Mary Phuong and Taylor Tobin and Andrea Tacchetti and Maja Trebacz and Kevin Robinson and Yash Katariya and Sebastian Riedel and Paige Bailey and Kefan Xiao and Nimesh Ghelani and Lora Aroyo and Ambrose Slone and Neil Houlsby and Xuehan Xiong and Zhen Yang and Elena Gribovskaya and Jonas Adler and Mateo Wirth and Lisa Lee and Music Li and Thais Kagohara and Jay Pavagadhi and Sophie Bridgers and Anna Bortsova and Sanjay Ghemawat and Zafarali Ahmed and Tianqi Liu and Richard Powell and Vijay Bolina and Mariko Iinuma and Polina Zablotskaia and James Besley and Da-Woon Chung and Timothy Dozat and Ramona Comanescu and Xiance Si and Jeremy Greer and Guolong Su and Martin Polacek and Raphaël Lopez Kaufman and Simon Tokumine and Hexiang Hu and Elena Buchatskaya and Yingjie Miao and Mohamed Elhawaty and Aditya Siddhant and Nenad Tomasev and Jinwei Xing and Christina Greer and Helen Miller and Shereen Ashraf and Aurko Roy and Zizhao Zhang and Ada Ma and Angelos Filos and Milos Besta and Rory Blevins and Ted Klimenko and Chih-Kuan Yeh and Soravit Changpinyo and Jiaqi Mu and Oscar Chang and Mantas Pajarskas and Carrie Muir and Vered Cohen and Charline Le Lan and Krishna Haridasan and Amit Marathe and Steven Hansen and Sholto Douglas and Rajkumar Samuel and Mingqiu Wang and Sophia Austin and Chang Lan and Jiepu Jiang and Justin Chiu and Jaime Alonso Lorenzo and Lars Lowe Sjösund and Sébastien Cevey and Zach Gleicher and Thi Avrahami and Anudhyan Boral and Hansa Srinivasan and Vittorio Selo and Rhys May and Konstantinos Aisopos and Léonard Hussenot and Livio Baldini Soares and Kate Baumli and Michael B. Chang and Adrià Recasens and Ben Caine and Alexander Pritzel and Filip Pavetic and Fabio Pardo and Anita Gergely and Justin Frye and Vinay Ramasesh and Dan Horgan and Kartikeya Badola and Nora Kassner and Subhrajit Roy and Ethan Dyer and Víctor Campos Campos and Alex Tomala and Yunhao Tang and Dalia El Badawy and Elspeth White and Basil Mustafa and Oran Lang and Abhishek Jindal and Sharad Vikram and Zhitao Gong and Sergi Caelles and Ross Hemsley and Gregory Thornton and Fangxiaoyu Feng and Wojciech Stokowiec and Ce Zheng and Phoebe Thacker and Çağlar Ünlü and Zhishuai Zhang and Mohammad Saleh and James Svensson and Max Bileschi and Piyush Patil and Ankesh Anand and Roman Ring and Katerina Tsihlas and Arpi Vezer and Marco Selvi and Toby Shevlane and Mikel Rodriguez and Tom Kwiatkowski and Samira Daruki and Keran Rong and Allan Dafoe and Nicholas FitzGerald and Keren Gu-Lemberg and Mina Khan and Lisa Anne Hendricks and Marie Pellat and Vladimir Feinberg and James Cobon-Kerr and Tara Sainath and Maribeth Rauh and Sayed Hadi Hashemi and Richard Ives and Yana Hasson and Eric Noland and Yuan Cao and Nathan Byrd and Le Hou and Qingze Wang and Thibault Sottiaux and Michela Paganini and Jean-Baptiste Lespiau and Alexandre Moufarek and Samer Hassan and Kaushik Shivakumar and Joost van Amersfoort and Amol Mandhane and Pratik Joshi and Anirudh Goyal and Matthew Tung and Andrew Brock and Hannah Sheahan and Vedant Misra and Cheng Li and Nemanja Rakićević and Mostafa Dehghani and Fangyu Liu and Sid Mittal and Junhyuk Oh and Seb Noury and Eren Sezener and Fantine Huot and Matthew Lamm and Nicola De Cao and Charlie Chen and Sidharth Mudgal and Romina Stella and Kevin Brooks and Gautam Vasudevan and Chenxi Liu and Mainak Chain and Nivedita Melinkeri and Aaron Cohen and Venus Wang and Kristie Seymore and Sergey Zubkov and Rahul Goel and Summer Yue and Sai Krishnakumaran and Brian Albert and Nate Hurley and Motoki Sano and Anhad Mohananey and Jonah Joughin and Egor Filonov and Tomasz Kępa and Yomna Eldawy and Jiawern Lim and Rahul Rishi and Shirin Badiezadegan and Taylor Bos and Jerry Chang and Sanil Jain and Sri Gayatri Sundara Padmanabhan and Subha Puttagunta and Kalpesh Krishna and Leslie Baker and Norbert Kalb and Vamsi Bedapudi and Adam Kurzrok and Shuntong Lei and Anthony Yu and Oren Litvin and Xiang Zhou and Zhichun Wu and Sam Sobell and Andrea Siciliano and Alan Papir and Robby Neale and Jonas Bragagnolo and Tej Toor and Tina Chen and Valentin Anklin and Feiran Wang and Richie Feng and Milad Gholami and Kevin Ling and Lijuan Liu and Jules Walter and Hamid Moghaddam and Arun Kishore and Jakub Adamek and Tyler Mercado and Jonathan Mallinson and Siddhinita Wandekar and Stephen Cagle and Eran Ofek and Guillermo Garrido and Clemens Lombriser and Maksim Mukha and Botu Sun and Hafeezul Rahman Mohammad and Josip Matak and Yadi Qian and Vikas Peswani and Pawel Janus and Quan Yuan and Leif Schelin and Oana David and Ankur Garg and Yifan He and Oleksii Duzhyi and Anton Älgmyr and Timothée Lottaz and Qi Li and Vikas Yadav and Luyao Xu and Alex Chinien and Rakesh Shivanna and Aleksandr Chuklin and Josie Li and Carrie Spadine and Travis Wolfe and Kareem Mohamed and Subhabrata Das and Zihang Dai and Kyle He and Daniel von Dincklage and Shyam Upadhyay and Akanksha Maurya and Luyan Chi and Sebastian Krause and Khalid Salama and Pam G Rabinovitch and Pavan Kumar Reddy M and Aarush Selvan and Mikhail Dektiarev and Golnaz Ghiasi and Erdem Guven and Himanshu Gupta and Boyi Liu and Deepak Sharma and Idan Heimlich Shtacher and Shachi Paul and Oscar Akerlund and François-Xavier Aubet and Terry Huang and Chen Zhu and Eric Zhu and Elico Teixeira and Matthew Fritze and Francesco Bertolini and Liana-Eleonora Marinescu and Martin Bölle and Dominik Paulus and Khyatti Gupta and Tejasi Latkar and Max Chang and Jason Sanders and Roopa Wilson and Xuewei Wu and Yi-Xuan Tan and Lam Nguyen Thiet and Tulsee Doshi and Sid Lall and Swaroop Mishra and Wanming Chen and Thang Luong and Seth Benjamin and Jasmine Lee and Ewa Andrejczuk and Dominik Rabiej and Vipul Ranjan and Krzysztof Styrc and Pengcheng Yin and Jon Simon and Malcolm Rose Harriott and Mudit Bansal and Alexei Robsky and Geoff Bacon and David Greene and Daniil Mirylenka and Chen Zhou and Obaid Sarvana and Abhimanyu Goyal and Samuel Andermatt and Patrick Siegler and Ben Horn and Assaf Israel and Francesco Pongetti and Chih-Wei "Louis" Chen and Marco Selvatici and Pedro Silva and Kathie Wang and Jackson Tolins and Kelvin Guu and Roey Yogev and Xiaochen Cai and Alessandro Agostini and Maulik Shah and Hung Nguyen and Noah Ó Donnaile and Sébastien Pereira and Linda Friso and Adam Stambler and Adam Kurzrok and Chenkai Kuang and Yan Romanikhin and Mark Geller and ZJ Yan and Kane Jang and Cheng-Chun Lee and Wojciech Fica and Eric Malmi and Qijun Tan and Dan Banica and Daniel Balle and Ryan Pham and Yanping Huang and Diana Avram and Hongzhi Shi and Jasjot Singh and Chris Hidey and Niharika Ahuja and Pranab Saxena and Dan Dooley and Srividya Pranavi Potharaju and Eileen O'Neill and Anand Gokulchandran and Ryan Foley and Kai Zhao and Mike Dusenberry and Yuan Liu and Pulkit Mehta and Ragha Kotikalapudi and Chalence Safranek-Shrader and Andrew Goodman and Joshua Kessinger and Eran Globen and Prateek Kolhar and Chris Gorgolewski and Ali Ibrahim and Yang Song and Ali Eichenbaum and Thomas Brovelli and Sahitya Potluri and Preethi Lahoti and Cip Baetu and Ali Ghorbani and Charles Chen and Andy Crawford and Shalini Pal and Mukund Sridhar and Petru Gurita and Asier Mujika and Igor Petrovski and Pierre-Louis Cedoz and Chenmei Li and Shiyuan Chen and Niccolò Dal Santo and Siddharth Goyal and Jitesh Punjabi and Karthik Kappaganthu and Chester Kwak and Pallavi LV and Sarmishta Velury and Himadri Choudhury and Jamie Hall and Premal Shah and Ricardo Figueira and Matt Thomas and Minjie Lu and Ting Zhou and Chintu Kumar and Thomas Jurdi and Sharat Chikkerur and Yenai Ma and Adams Yu and Soo Kwak and Victor Ähdel and Sujeevan Rajayogam and Travis Choma and Fei Liu and Aditya Barua and Colin Ji and Ji Ho Park and Vincent Hellendoorn and Alex Bailey and Taylan Bilal and Huanjie Zhou and Mehrdad Khatir and Charles Sutton and Wojciech Rzadkowski and Fiona Macintosh and Konstantin Shagin and Paul Medina and Chen Liang and Jinjing Zhou and Pararth Shah and Yingying Bi and Attila Dankovics and Shipra Banga and Sabine Lehmann and Marissa Bredesen and Zifan Lin and John Eric Hoffmann and Jonathan Lai and Raynald Chung and Kai Yang and Nihal Balani and Arthur Bražinskas and Andrei Sozanschi and Matthew Hayes and Héctor Fernández Alcalde and Peter Makarov and Will Chen and Antonio Stella and Liselotte Snijders and Michael Mandl and Ante Kärrman and Paweł Nowak and Xinyi Wu and Alex Dyck and Krishnan Vaidyanathan and Raghavender R and Jessica Mallet and Mitch Rudominer and Eric Johnston and Sushil Mittal and Akhil Udathu and Janara Christensen and Vishal Verma and Zach Irving and Andreas Santucci and Gamaleldin Elsayed and Elnaz Davoodi and Marin Georgiev and Ian Tenney and Nan Hua and Geoffrey Cideron and Edouard Leurent and Mahmoud Alnahlawi and Ionut Georgescu and Nan Wei and Ivy Zheng and Dylan Scandinaro and Heinrich Jiang and Jasper Snoek and Mukund Sundararajan and Xuezhi Wang and Zack Ontiveros and Itay Karo and Jeremy Cole and Vinu Rajashekhar and Lara Tumeh and Eyal Ben-David and Rishub Jain and Jonathan Uesato and Romina Datta and Oskar Bunyan and Shimu Wu and John Zhang and Piotr Stanczyk and Ye Zhang and David Steiner and Subhajit Naskar and Michael Azzam and Matthew Johnson and Adam Paszke and Chung-Cheng Chiu and Jaume Sanchez Elias and Afroz Mohiuddin and Faizan Muhammad and Jin Miao and Andrew Lee and Nino Vieillard and Jane Park and Jiageng Zhang and Jeff Stanway and Drew Garmon and Abhijit Karmarkar and Zhe Dong and Jong Lee and Aviral Kumar and Luowei Zhou and Jonathan Evens and William Isaac and Geoffrey Irving and Edward Loper and Michael Fink and Isha Arkatkar and Nanxin Chen and Izhak Shafran and Ivan Petrychenko and Zhe Chen and Johnson Jia and Anselm Levskaya and Zhenkai Zhu and Peter Grabowski and Yu Mao and Alberto Magni and Kaisheng Yao and Javier Snaider and Norman Casagrande and Evan Palmer and Paul Suganthan and Alfonso Castaño and Irene Giannoumis and Wooyeol Kim and Mikołaj Rybiński and Ashwin Sreevatsa and Jennifer Prendki and David Soergel and Adrian Goedeckemeyer and Willi Gierke and Mohsen Jafari and Meenu Gaba and Jeremy Wiesner and Diana Gage Wright and Yawen Wei and Harsha Vashisht and Yana Kulizhskaya and Jay Hoover and Maigo Le and Lu Li and Chimezie Iwuanyanwu and Lu Liu and Kevin Ramirez and Andrey Khorlin and Albert Cui and Tian LIN and Marcus Wu and Ricardo Aguilar and Keith Pallo and Abhishek Chakladar and Ginger Perng and Elena Allica Abellan and Mingyang Zhang and Ishita Dasgupta and Nate Kushman and Ivo Penchev and Alena Repina and Xihui Wu and Tom van der Weide and Priya Ponnapalli and Caroline Kaplan and Jiri Simsa and Shuangfeng Li and Olivier Dousse and Fan Yang and Jeff Piper and Nathan Ie and Rama Pasumarthi and Nathan Lintz and Anitha Vijayakumar and Daniel Andor and Pedro Valenzuela and Minnie Lui and Cosmin Paduraru and Daiyi Peng and Katherine Lee and Shuyuan Zhang and Somer Greene and Duc Dung Nguyen and Paula Kurylowicz and Cassidy Hardin and Lucas Dixon and Lili Janzer and Kiam Choo and Ziqiang Feng and Biao Zhang and Achintya Singhal and Dayou Du and Dan McKinnon and Natasha Antropova and Tolga Bolukbasi and Orgad Keller and David Reid and Daniel Finchelstein and Maria Abi Raad and Remi Crocker and Peter Hawkins and Robert Dadashi and Colin Gaffney and Ken Franko and Anna Bulanova and Rémi Leblond and Shirley Chung and Harry Askham and Luis C. Cobo and Kelvin Xu and Felix Fischer and Jun Xu and Christina Sorokin and Chris Alberti and Chu-Cheng Lin and Colin Evans and Alek Dimitriev and Hannah Forbes and Dylan Banarse and Zora Tung and Mark Omernick and Colton Bishop and Rachel Sterneck and Rohan Jain and Jiawei Xia and Ehsan Amid and Francesco Piccinno and Xingyu Wang and Praseem Banzal and Daniel J. Mankowitz and Alex Polozov and Victoria Krakovna and Sasha Brown and MohammadHossein Bateni and Dennis Duan and Vlad Firoiu and Meghana Thotakuri and Tom Natan and Matthieu Geist and Ser tan Girgin and Hui Li and Jiayu Ye and Ofir Roval and Reiko Tojo and Michael Kwong and James Lee-Thorp and Christopher Yew and Danila Sinopalnikov and Sabela Ramos and John Mellor and Abhishek Sharma and Kathy Wu and David Miller and Nicolas Sonnerat and Denis Vnukov and Rory Greig and Jennifer Beattie and Emily Caveness and Libin Bai and Julian Eisenschlos and Alex Korchemniy and Tomy Tsai and Mimi Jasarevic and Weize Kong and Phuong Dao and Zeyu Zheng and Frederick Liu and Fan Yang and Rui Zhu and Tian Huey Teh and Jason Sanmiya and Evgeny Gladchenko and Nejc Trdin and Daniel Toyama and Evan Rosen and Sasan Tavakkol and Linting Xue and Chen Elkind and Oliver Woodman and John Carpenter and George Papamakarios and Rupert Kemp and Sushant Kafle and Tanya Grunina and Rishika Sinha and Alice Talbert and Diane Wu and Denese Owusu-Afriyie and Cosmo Du and Chloe Thornton and Jordi Pont-Tuset and Pradyumna Narayana and Jing Li and Saaber Fatehi and John Wieting and Omar Ajmeri and Benigno Uria and Yeongil Ko and Laura Knight and Amélie Héliou and Ning Niu and Shane Gu and Chenxi Pang and Yeqing Li and Nir Levine and Ariel Stolovich and Rebeca Santamaria-Fernandez and Sonam Goenka and Wenny Yustalim and Robin Strudel and Ali Elqursh and Charlie Deck and Hyo Lee and Zonglin Li and Kyle Levin and Raphael Hoffmann and Dan Holtmann-Rice and Olivier Bachem and Sho Arora and Christy Koh and Soheil Hassas Yeganeh and Siim Põder and Mukarram Tariq and Yanhua Sun and Lucian Ionita and Mojtaba Seyedhosseini and Pouya Tafti and Zhiyu Liu and Anmol Gulati and Jasmine Liu and Xinyu Ye and Bart Chrzaszcz and Lily Wang and Nikhil Sethi and Tianrun Li and Ben Brown and Shreya Singh and Wei Fan and Aaron Parisi and Joe Stanton and Vinod Koverkathu and Christopher A. Choquette-Choo and Yunjie Li and TJ Lu and Abe Ittycheriah and Prakash Shroff and Mani Varadarajan and Sanaz Bahargam and Rob Willoughby and David Gaddy and Guillaume Desjardins and Marco Cornero and Brona Robenek and Bhavishya Mittal and Ben Albrecht and Ashish Shenoy and Fedor Moiseev and Henrik Jacobsson and Alireza Ghaffarkhah and Morgane Rivière and Alanna Walton and Clément Crepy and Alicia Parrish and Zongwei Zhou and Clement Farabet and Carey Radebaugh and Praveen Srinivasan and Claudia van der Salm and Andreas Fidjeland and Salvatore Scellato and Eri Latorre-Chimoto and Hanna Klimczak-Plucińska and David Bridson and Dario de Cesare and Tom Hudson and Piermaria Mendolicchio and Lexi Walker and Alex Morris and Matthew Mauger and Alexey Guseynov and Alison Reid and Seth Odoom and Lucia Loher and Victor Cotruta and Madhavi Yenugula and Dominik Grewe and Anastasia Petrushkina and Tom Duerig and Antonio Sanchez and Steve Yadlowsky and Amy Shen and Amir Globerson and Lynette Webb and Sahil Dua and Dong Li and Surya Bhupatiraju and Dan Hurt and Haroon Qureshi and Ananth Agarwal and Tomer Shani and Matan Eyal and Anuj Khare and Shreyas Rammohan Belle and Lei Wang and Chetan Tekur and Mihir Sanjay Kale and Jinliang Wei and Ruoxin Sang and Brennan Saeta and Tyler Liechty and Yi Sun and Yao Zhao and Stephan Lee and Pandu Nayak and Doug Fritz and Manish Reddy Vuyyuru and John Aslanides and Nidhi Vyas and Martin Wicke and Xiao Ma and Evgenii Eltyshev and Nina Martin and Hardie Cate and James Manyika and Keyvan Amiri and Yelin Kim and Xi Xiong and Kai Kang and Florian Luisier and Nilesh Tripuraneni and David Madras and Mandy Guo and Austin Waters and Oliver Wang and Joshua Ainslie and Jason Baldridge and Han Zhang and Garima Pruthi and Jakob Bauer and Feng Yang and Riham Mansour and Jason Gelman and Yang Xu and George Polovets and Ji Liu and Honglong Cai and Warren Chen and XiangHai Sheng and Emily Xue and Sherjil Ozair and Christof Angermueller and Xiaowei Li and Anoop Sinha and Weiren Wang and Julia Wiesinger and Emmanouil Koukoumidis and Yuan Tian and Anand Iyer and Madhu Gurumurthy and Mark Goldenson and Parashar Shah and MK Blake and Hongkun Yu and Anthony Urbanowicz and Jennimaria Palomaki and Chrisantha Fernando and Ken Durden and Harsh Mehta and Nikola Momchev and Elahe Rahimtoroghi and Maria Georgaki and Amit Raul and Sebastian Ruder and Morgan Redshaw and Jinhyuk Lee and Denny Zhou and Komal Jalan and Dinghua Li and Blake Hechtman and Parker Schuh and Milad Nasr and Kieran Milan and Vladimir Mikulik and Juliana Franco and Tim Green and Nam Nguyen and Joe Kelley and Aroma Mahendru and Andrea Hu and Joshua Howland and Ben Vargas and Jeffrey Hui and Kshitij Bansal and Vikram Rao and Rakesh Ghiya and Emma Wang and Ke Ye and Jean Michel Sarr and Melanie Moranski Preston and Madeleine Elish and Steve Li and Aakash Kaku and Jigar Gupta and Ice Pasupat and Da-Cheng Juan and Milan Someswar and Tejvi M. and Xinyun Chen and Aida Amini and Alex Fabrikant and Eric Chu and Xuanyi Dong and Amruta Muthal and Senaka Buthpitiya and Sarthak Jauhari and Nan Hua and Urvashi Khandelwal and Ayal Hitron and Jie Ren and Larissa Rinaldi and Shahar Drath and Avigail Dabush and Nan-Jiang Jiang and Harshal Godhia and Uli Sachs and Anthony Chen and Yicheng Fan and Hagai Taitelbaum and Hila Noga and Zhuyun Dai and James Wang and Chen Liang and Jenny Hamer and Chun-Sung Ferng and Chenel Elkind and Aviel Atias and Paulina Lee and Vít Listík and Mathias Carlen and Jan van de Kerkhof and Marcin Pikus and Krunoslav Zaher and Paul Müller and Sasha Zykova and Richard Stefanec and Vitaly Gatsko and Christoph Hirnschall and Ashwin Sethi and Xingyu Federico Xu and Chetan Ahuja and Beth Tsai and Anca Stefanoiu and Bo Feng and Keshav Dhandhania and Manish Katyal and Akshay Gupta and Atharva Parulekar and Divya Pitta and Jing Zhao and Vivaan Bhatia and Yashodha Bhavnani and Omar Alhadlaq and Xiaolin Li and Peter Danenberg and Dennis Tu and Alex Pine and Vera Filippova and Abhipso Ghosh and Ben Limonchik and Bhargava Urala and Chaitanya Krishna Lanka and Derik Clive and Yi Sun and Edward Li and Hao Wu and Kevin Hongtongsak and Ianna Li and Kalind Thakkar and Kuanysh Omarov and Kushal Majmundar and Michael Alverson and Michael Kucharski and Mohak Patel and Mudit Jain and Maksim Zabelin and Paolo Pelagatti and Rohan Kohli and Saurabh Kumar and Joseph Kim and Swetha Sankar and Vineet Shah and Lakshmi Ramachandruni and Xiangkai Zeng and Ben Bariach and Laura Weidinger and Tu Vu and Alek Andreev and Antoine He and Kevin Hui and Sheleem Kashem and Amar Subramanya and Sissie Hsiao and Demis Hassabis and Koray Kavukcuoglu and Adam Sadovsky and Quoc Le and Trevor Strohman and Yonghui Wu and Slav Petrov and Jeffrey Dean and Oriol Vinyals},
      year={2024},
      eprint={2312.11805},
      archivePrefix={arXiv},
      primaryClass={cs.CL},
      url={https://arxiv.org/abs/2312.11805}, 
}

@misc{kyle2021,
      title={Understanding How Encoder-Decoder Architectures Attend}, 
      author={Kyle Aitken and Vinay V Ramasesh and Yuan Cao and Niru Maheswaranathan},
      year={2021},
      eprint={2110.15253},
      archivePrefix={arXiv},
      primaryClass={cs.LG},
      url={https://arxiv.org/abs/2110.15253}, 
}

@misc{bart2019,
      title={BART: Denoising Sequence-to-Sequence Pre-training for Natural Language Generation, Translation, and Comprehension}, 
      author={Mike Lewis and Yinhan Liu and Naman Goyal and Marjan Ghazvininejad and Abdelrahman Mohamed and Omer Levy and Ves Stoyanov and Luke Zettlemoyer},
      year={2019},
      eprint={1910.13461},
      archivePrefix={arXiv},
      primaryClass={cs.CL},
      url={https://arxiv.org/abs/1910.13461}, 
}
